<?xml version="1.0" encoding="UTF-8"?><collection xmlns="http://www.loc.gov/MARC21/slim"><record><leader>00454nam--2200145-i-4500</leader><controlfield tag="001">000011905</controlfield><controlfield tag="002">20161230</controlfield><controlfield tag="005">20210312044529</controlfield><controlfield tag="008">060222s1000------------r-----000-0-eng-d</controlfield><datafield ind1=" " ind2=" " tag="100"><subfield code="a">Dinescu, Lucretia</subfield></datafield><datafield ind1=" " ind2=" " tag="245"><subfield code="a">Contributii la dezvoltarea metodelor nucleare in situ, folosite in hidrologie si hidrogeologie. Teza de doctorat</subfield></datafield><datafield ind1=" " ind2=" " tag="260"><subfield code="a">Bucuresti, C.S.E.N., 1976</subfield></datafield><datafield ind1=" " ind2=" " tag="490"><subfield code="a">139p</subfield></datafield><datafield ind1=" " ind2=" " tag="852"><subfield code="a">621.039.83:551.49(043.3)</subfield></datafield><datafield ind1=" " ind2=" " tag="CAT"><subfield code="a">SYS</subfield><subfield code="c">20210312</subfield><subfield code="h">044529</subfield></datafield></record></collection>